<record><leader>00000cas a22000007a 4500</leader><controlfield tag="001">11505005</controlfield><controlfield tag="008">841218d184u1850ohuwr ne      0    0eng d</controlfield><datafield ind1=" " ind2=" " tag="010"><subfield code="a">sn 84028796 </subfield></datafield><datafield ind1=" " ind2=" " tag="040"><subfield code="a">NPY</subfield><subfield code="b">eng</subfield><subfield code="c">NPY</subfield><subfield code="d">WVC</subfield><subfield code="d">ONP</subfield><subfield code="d">OCLCQ</subfield></datafield><datafield ind1=" " ind2=" " tag="042"><subfield code="a">msc</subfield></datafield><datafield ind1="0" ind2="4" tag="082"><subfield code="a">071.7716</subfield></datafield><datafield ind1="0" ind2="0" tag="245"><subfield code="a">Weekly Steubenville herald.</subfield></datafield><datafield ind1="1" ind2="3" tag="246"><subfield code="a">Herald and gazette</subfield></datafield><datafield ind1=" " ind2=" " tag="260"><subfield code="a">Steubenville [Ohio] :</subfield><subfield code="b">W.R. Allison</subfield></datafield><datafield ind1=" " ind2=" " tag="300"><subfield code="a">v.</subfield></datafield><datafield ind1=" " ind2=" " tag="310"><subfield code="a">Weekly</subfield></datafield><datafield ind1="1" ind2=" " tag="362"><subfield code="a">Ceased in Mar. 1850?</subfield></datafield><datafield ind1=" " ind2=" " tag="580"><subfield code="a">Daily eds.: Daily herald (Steubenville, Ohio), 1847-1848, and: Herald &amp; gazette (Steubenville, Ohio), 1848-1849, and: Steubenville daily herald (Steubenville, Ohio : 1849), 1849-1850.</subfield></datafield><datafield ind1=" " ind2=" " tag="588"><subfield code="a">Description based on: Vol. 42, no. 32 (July 20, 1848).</subfield></datafield><datafield ind1=" " ind2=" " tag="752"><subfield code="a">United States</subfield><subfield code="b">Ohio</subfield><subfield code="c">Jefferson</subfield><subfield code="d">Steubenville.</subfield></datafield><datafield ind1="1" ind2=" " tag="775"><subfield code="t">Daily herald (Steubenville, Ohio)</subfield><subfield code="w">(DLC)sn 84028803</subfield></datafield><datafield ind1="1" ind2=" " tag="775"><subfield code="t">Herald &amp; gazette (Steubenville, Ohio)</subfield><subfield code="w">(DLC)sn 84028804</subfield></datafield><datafield ind1="1" ind2=" " tag="775"><subfield code="t">Steubenville daily herald (Steubenville, Ohio : 1849)</subfield><subfield code="w">(DLC)sn 84028805</subfield></datafield><datafield ind1="0" ind2="0" tag="780"><subfield code="t">Steubenville herald (Steubenville, Ohio : 1844)</subfield><subfield code="w">(DLC)sn 86092556</subfield></datafield><datafield ind1="0" ind2="0" tag="785"><subfield code="t">Mammoth weekly Steubenville herald</subfield><subfield code="w">(DLC)sn 88078267</subfield></datafield></record>